<?xml version="1.0" encoding="UTF-8"?><collection xmlns="http://www.loc.gov/MARC21/slim"><record><leader>00426nam--2200145-i-4500</leader><controlfield tag="001">000023050</controlfield><controlfield tag="002">20161230</controlfield><controlfield tag="005">20161230201034</controlfield><controlfield tag="008">060222s1000------------r-----000-0-eng-d</controlfield><datafield ind1=" " ind2=" " tag="080"><subfield code="a">548.4:620.19</subfield></datafield><datafield ind1=" " ind2=" " tag="100"><subfield code="a">Hirth, John Price And Lothe, Jens</subfield></datafield><datafield ind1=" " ind2=" " tag="245"><subfield code="a">Theory of dislocations</subfield></datafield><datafield ind1=" " ind2=" " tag="260"><subfield code="a">New York, Mcgraw-hill Book Co., 1968, Xi + 780 P</subfield></datafield><datafield ind1=" " ind2=" " tag="490"><subfield code="a">Mcgraw-hill Series In Materials Science And Engineering</subfield></datafield><datafield ind1=" " ind2=" " tag="852"><subfield code="a">34592</subfield></datafield></record></collection>